<?xml version="1.0" encoding="UTF-8"?><collection xmlns="http://www.loc.gov/MARC21/slim"><record><leader>00435nam--2200145-i-4500</leader><controlfield tag="001">000017404</controlfield><controlfield tag="002">20161230</controlfield><controlfield tag="005">20161230201032</controlfield><controlfield tag="008">060222s1000------------r-----000-0-eng-d</controlfield><datafield ind1=" " ind2=" " tag="080"><subfield code="a">514.765:530.16</subfield></datafield><datafield ind1=" " ind2=" " tag="100"><subfield code="a">Neuenschwander, Daniel</subfield></datafield><datafield ind1=" " ind2=" " tag="245"><subfield code="a">Probabilities on the heisenberg group. limit theorems and brownian motion</subfield></datafield><datafield ind1=" " ind2=" " tag="260"><subfield code="a">Berlin, Springer-verlag, 1996. Vii + 139 P</subfield></datafield><datafield ind1=" " ind2=" " tag="490"><subfield code="a">Lecture Notes In Mathematics</subfield></datafield><datafield ind1=" " ind2=" " tag="852"><subfield code="a">80931</subfield></datafield></record></collection>